@misc{R155,
author = {United Nations},
title = {UN Regulation No. 155 - Cyber security and cyber security management system}, 
year = {2021}
}

@misc{ASPICE,
author = {ASPICE},
title = {Automotive SPICE® for Cybersecurity Process Reference and Assessment Model},
year = {2021}
}

@misc{ISO21434,
	author = {ISO/SAE},
	title = {ISO/SAE 21434 "Road vehicles - Cybersecurity engineering"}, 
	year = {2021}
}

@misc{ISO14229,
	author = {ISO},
	title = {ISO 14229 "Road vehicles — Unified diagnostic services (UDS)"}, 
	year = {2020}
}

@misc{ISOOSI,
	author = {Markus Zoppelt, Ramin Tavakoli Kolagari},
	title = {Reaching Grey Havens: Industrial Automotive Security Modeling with SAM}, 
	year = {2019}
}

@misc{Karahasanovic,
    author       = {Karahasanovic A., Kleberger P., Almgren M.},
    title = {Adapting Threat Modeling Methods for the Automotive Industry},
    conference = {15th ESCAR Conference},
    year         = {2017},
}

@misc{Ma,
    author = {Z. Ma, C. Schmittner}, 
    title = {Threat Modeling for Automotive Security Analysis}, 
    year = {2016}
}

@misc{Vivek,
    author = {Yashodhan Vivek, Tanvi Tirthani},
    title = {Automotive System Threat Modeling},
    year = {2022}
}

@misc{Dantas,
    author = {Yuri Gil Dantas, Dr. Harald Ruess, Dr. Vivek Nigam},
    title = {Security Engineering for ISO21434},
    year = {2020}
}

@misc{Bohner,
    author = {Martin Böhner, Alexander Mattausch, Alexander Much},
    title = {Extending Software Architectures from Safety to Security},
    year = {2015}
}

@misc{Chulp,
    author = {Sebastian Chlup, Korbinian Christl, Christoph Schmittner},
    title = {THREATGET: Towards Automated Attack Tree Analysis for Automotive Cybersecurity},
    year = {2022}
}

@misc{Bryans,
    author = {Bryans J., Liew L. S., Nguyen H. N., Sabaliauskaite G., Shaikh S., Zhou F.},
    title = {A Template-based Method for the Generation of Attack Trees},
    year = {2020}
}

@misc{Salfer,
    author = {Martin Salfer, Hendrik Schweppe, Claudia Eckert},
    title = {Efficient Attack Forest Construction for Automotive On-board Networks},
    year = {2014}
}

@misc{Karray,
    author = {Khaled Karray},
    title = {Cyber-security of connected vehicles : contributions to enhance the risk analysis and security of in-vehicle communications},
    year = {2020}
}

@misc{Sowka,
    authors = {Kacper Sowka, Vasile Palade, Hesamaldin Jadidbonab, Paul Wooderson, Hoang Nguyen},
    title = {A Review on Automatic Generation of Attack Trees and Its Application to Automotive Cybersecurity},
    year = {2023}
}

@misc{Voros,
    authors = {Dr Vörös András, Dr Molnár Vince, Nagy Simon József, Szekeres Dániel, Szabó Richárd, Bajczi Levente},
    title = {2019-1.3.1-KK-2019-00004-es projekt BME-thyssenkrupp főirány},
    year = {2023}
}